@misc{MicroservicesCharacteristics,
  title = {{Microservices a definition of this new
architectural term}},
  author={J. Lewis, M. Fowler,},
  howpublished = {\url{https://martinfowler.com/articles/microservices.html}},
  note = {Accessed: 2021-12-31}
}

@misc{DOMAUber,
  title = {{Introducing Domain-Oriented Microservice Architecture}},
  author={Gluck, A.},
  howpublished = {\url{https://eng.uber.com/microservice-architecture/}},
  note = {Accessed: 2021-12-31}
}

@misc{UberGateway,
  title = {{The Architecture of Uberâ€™s API gateway}},
  author={M. Thangavelu et al.},
  howpublished = {\url{https://eng.uber.com/architecture-api-gateway/}},
  note = {Accessed: 2022-01-01}
}