@book{nelson1981remote,
  title={Remote procedure call},
  author={Nelson, Bruce Jay},
  year={1981},
  publisher={Carnegie Mellon University}
}

@misc{MicroservicesAdoption,
  title = {Microservices Adoption in 2020},
  howpublished = {\url{https://www.oreilly.com/radar/microservices-adoption-in-2020/}},
  note = {Accessed: 2021-09-03}
}

@misc{DOMAUber,
  title = {Introducing Domain-Oriented Microservice Architecture},
  howpublished = {\url{https://eng.uber.com/microservice-architecture}},
  note = {Accessed: 2021-08-08}
}

@misc{GatewayUber,
  title = {The Architecture of Uberâ€™s API gateway},
  howpublished = {\url{https://eng.uber.com/architecture-api-gateway}},
  note = {Accessed: 2021-08-08}
}

@misc{MicroservicesBestPractices,
  title = {Microservices logging best-practices},
  howpublished = {\url{https://www.scalyr.com/blog/microservices-logging-best-practices}},
  note = {Accessed: 2021-09-03}
}
