

%%%%%%%%%%%%%%%%%%%%%%%%%%%%%%%%%%%%%%%%%%%%%%%%%%%%%%%%%%%%%%%%%%%%%%%%%%%%%%%%%%%%%%%%%%%%%%%%%%%%
%%                                          BACKGROUND                                            %%
%%%%%%%%%%%%%%%%%%%%%%%%%%%%%%%%%%%%%%%%%%%%%%%%%%%%%%%%%%%%%%%%%%%%%%%%%%%%%%%%%%%%%%%%%%%%%%%%%%%%

@misc{UnityTechnologies,
  title = {{Unity Technologies website}},
  howpublished = {\url{https://unity.com/}},
  note = {Accessed: 2021-11-17}
}

% Unity business model
@misc{UnityBusinessModel,
  title = {{How Does Unity Work And Make Money? Unity Business Model Explained}},
  author={Cuofano, Gennaro},
  howpublished = {\url{https://fourweekmba.com/unity-business-model/}},
  note = {Accessed: 2021-11-17}
}

% An article about the History of Unity
@article{haas2014history,
  title={A history of the unity game engine},
  author={Haas, John},
  journal={Diss. WORCESTER POLYTECHNIC INSTITUTE},
  year={2014}
}

@incollection{nicoll2019unity,
  title={The Unity game engine and the circuits of cultural software},
  author={Nicoll, Benjamin and Keogh, Brendan},
  booktitle={The Unity game engine and the circuits of cultural software},
  pages={1--21},
  year={2019},
  publisher={Springer}
}

% Unity business model
@misc{UnityRevenue,
  title = {{Unity revenues rise to \$274m but losses remain high}},
  author={Dealessandri, Marie},
  howpublished = {\url{https://www.gamesindustry.biz/articles/2021-08-11-unity-revenues-rise-to-usd274m-but-losses-remain-high}},
  note = {Accessed: 2021-11-17}
}

% Online advertisement network
@article{goldfarb2011online,
  title={Online advertising, behavioral targeting, and privacy},
  author={Goldfarb, Avi and Tucker, Catherine E},
  journal={Communications of the ACM},
  volume={54},
  number={5},
  pages={25--27},
  year={2011},
  publisher={ACM New York, NY, USA}
}

@article{schmeiser2016online,
  title={Online Advertising Networks},
  author={Schmeiser, Steven},
  journal={Manuscript},
  year={2016}
}

% Impact of online advertisement
@article{ha2008online,
  title={Online advertising research in advertising journals: A review},
  author={Ha, Louisa},
  journal={Journal of Current Issues \& Research in Advertising},
  volume={30},
  number={1},
  pages={31--48},
  year={2008},
  publisher={Taylor \& Francis}
}

% Incorporation of UnityAds
@incollection{chu2013iad,
  title={iAd: Banner Ads and Interstitial Ads},
  author={Chu, Philip},
  booktitle={Learn Unity 4 for iOS Game Development},
  pages={439--451},
  year={2013},
  publisher={Springer}
}

% Unity buys Applifier
@misc{UnityBuyApplifier,
  title = {{Unity acquires Applifier as mobile game replays take off}},
  author={Takahashi, Dean},
  howpublished = {\url{https://venturebeat.com/2014/03/13/unity-acquires-applifier-as-mobile-game-replays-take-off/}},
  note = {Accessed: 2021-11-30}
}

% Monolithic architectures
@inproceedings{de2019monolithic,
  title={From monolithic architecture to microservices architecture},
  author={De Lauretis, Lorenzo},
  booktitle={2019 IEEE International Symposium on Software Reliability Engineering Workshops (ISSREW)},
  pages={93--96},
  year={2019},
  organization={IEEE}
}

% Applifier customer base
@misc{ApplifierCustomers,
  title = {{Cross-Promotion Network Applifier Hit 55 Million Users In 4 Months}},
  author={Vesterinen, Ville},
  howpublished = {\url{https://arcticstartup.com/cross-promotion-network-applifier-hit-55-million-users-in-4-months/}},
  note = {Accessed: 2021-11-30}
}

% HTTPS
@inproceedings{durumeric2013analysis,
  title={Analysis of the HTTPS certificate ecosystem},
  author={Durumeric, Zakir and Kasten, James and Bailey, Michael and Halderman, J Alex},
  booktitle={Proceedings of the 2013 conference on Internet measurement conference},
  pages={291--304},
  year={2013}
}

% nats
@article{srisuresh2008state,
  title={State of peer-to-peer (P2P) communication across network address translators (NATs)},
  author={Srisuresh, Pyda and Ford, Bryan and Kegel, Dan},
  journal={Internet Engineering Task Force, Request For Comments},
  year={2008}
}

% Kafka
@inproceedings{kreps2011kafka,
  title={Kafka: A distributed messaging system for log processing},
  author={Kreps, Jay and Narkhede, Neha and Rao, Jun and others},
  booktitle={Proceedings of the NetDB},
  volume={11},
  pages={1--7},
  year={2011}
}

% Cloud monitoring survey
@article{aceto2013cloud,
  title={Cloud monitoring: A survey},
  author={Aceto, Giuseppe and Botta, Alessio and De Donato, Walter and Pescap{\`e}, Antonio},
  journal={Computer Networks},
  volume={57},
  number={9},
  pages={2093--2115},
  year={2013},
  publisher={Elsevier}
}

@book{hunter2018google,
  title={Google Cloud Platform for developers: build highly scalable cloud solutions with the power of Google Cloud Platform},
  author={Hunter, Ted and Porter, Steven},
  year={2018},
  publisher={Packt Publishing Ltd}
}

% Prometheus monitoring
@book{turnbull2018monitoring,
  title={Monitoring with Prometheus},
  author={Turnbull, James},
  year={2018},
  publisher={Turnbull Press}
}

% Prometheus and Grafana
@phdthesis{hoang2020research,
  title={Research and implementation of monitoring systems Prometheus and Grafana},
  author={Hoang, Trong Thang and Tao, Minh Thong and Au, Phu Hiep},
  year={2020},
  school={FPTU HCM}
}

@book{thakurratan2018google,
  title={Google Cloud Platform Administration: Design highly available, scalable, and secure cloud solutions on GCP},
  author={Thakurratan, Ranjit Singh},
  year={2018},
  publisher={Packt Publishing Ltd}
}

% Business logic
@book{von2009decision,
  title={The decision model: a business logic framework linking business and technology},
  author={Von Halle, Barbara and Goldberg, Larry},
  year={2009},
  publisher={CRC Press}
}

% Rate limiting
@article{raghavan2007cloud,
  title={Cloud control with distributed rate limiting},
  author={Raghavan, Barath and Vishwanath, Kashi and Ramabhadran, Sriram and Yocum, Kenneth and Snoeren, Alex C},
  journal={ACM SIGCOMM Computer Communication Review},
  volume={37},
  number={4},
  pages={337--348},
  year={2007},
  publisher={ACM New York, NY, USA}
}

% DoS attack
@inproceedings{jhaveri2012attacks,
  title={DoS attacks in mobile ad hoc networks: A survey},
  author={Jhaveri, Rutvij H and Patel, Sankita J and Jinwala, Devesh C},
  booktitle={2012 second international conference on advanced computing \& communication technologies},
  pages={535--541},
  year={2012},
  organization={IEEE}
}

%%%%%%%%%%%%%%%%%%%%%%%%%%%%%%%%%%%%%%%%%%%%%%%%%%%%%%%%%%%%%%%%%%%%%%%%%%%%%%%%%%%%%%%%%%%%%%%%%%%%
%%                              REQUIREMENTS ENGINEERING                                          %%
%%%%%%%%%%%%%%%%%%%%%%%%%%%%%%%%%%%%%%%%%%%%%%%%%%%%%%%%%%%%%%%%%%%%%%%%%%%%%%%%%%%%%%%%%%%%%%%%%%%%

@book{hay2003requirements,
  title={Requirements analysis: from business views to architecture},
  author={Hay, David C},
  year={2003},
  publisher={Prentice Hall Professional}
}

@article{mitchell1997toward,
  title={Toward a theory of stakeholder identification and salience: Defining the principle of who and what really counts},
  author={Mitchell, Ronald K and Agle, Bradley R and Wood, Donna J},
  journal={Academy of management review},
  volume={22},
  number={4},
  pages={853--886},
  year={1997},
  publisher={Academy of management Briarcliff Manor, NY 10510}
}

%%%%%%%%%%%%%%%%%%%%%%%%%%%%%%%%%%%%%%%%%%%%%%%%%%%%%%%%%%%%%%%%%%%%%%%%%%%%%%%%%%%%%%%%%%%%%%%%%%%%
%%                              LITERATURE REVIEW                                                 %%
%%%%%%%%%%%%%%%%%%%%%%%%%%%%%%%%%%%%%%%%%%%%%%%%%%%%%%%%%%%%%%%%%%%%%%%%%%%%%%%%%%%%%%%%%%%%%%%%%%%%

%%% SOFTWARE ARCHITECTURES REVIEW

@incollection{dahl1972chapter,
  title={Chapter III: Hierarchical program structures},
  author={Dahl, Ole-Johan and Hoare, Charles Antony Richard},
  booktitle={Structured programming},
  pages={175--220},
  year={1972}
}

@article{snyder1993essence,
  title={The essence of objects: Common concepts and terminology},
  author={Snyder, Alan},
  journal={IEEE Software},
  year={1993}
}

@inproceedings{shadija2017towards,
  title={Towards an understanding of microservices},
  author={Shadija, Dharmendra and Rezai, Mo and Hill, Richard},
  booktitle={2017 23rd International Conference on Automation and Computing (ICAC)},
  pages={1--6},
  year={2017},
  organization={IEEE}
}

@article{perry1992foundations,
  title={Foundations for the study of software architecture},
  author={Perry, Dewayne E and Wolf, Alexander L},
  journal={ACM SIGSOFT Software engineering notes},
  volume={17},
  number={4},
  pages={40--52},
  year={1992},
  publisher={ACM New York, NY, USA}
}

@article{sprott2004understanding,
  title={Understanding service-oriented architecture},
  author={Sprott, David and Wilkes, Lawrence},
  journal={The Architecture Journal},
  volume={1},
  number={1},
  pages={10--17},
  year={2004},
  publisher={MSDN Library, Microsoft Corporation}
}

@inproceedings{alahmari2010service,
  title={A service identification framework for legacy system migration into SOA},
  author={Alahmari, Saad and Zaluska, Ed and De Roure, David},
  booktitle={2010 IEEE International Conference on Services Computing},
  pages={614--617},
  year={2010},
  organization={IEEE}
}

@article{dragoni2017microservices,
  title={Microservices: yesterday, today, and tomorrow},
  author={Dragoni, Nicola and Giallorenzo, Saverio and Lafuente, Alberto Lluch and Mazzara, Manuel and Montesi, Fabrizio and Mustafin, Ruslan and Safina, Larisa},
  journal={Present and ulterior software engineering},
  pages={195--216},
  year={2017},
  publisher={Springer}
}

@article{thones2015microservices,
  title={Microservices},
  author={Th{\"o}nes, Johannes},
  journal={IEEE software},
  volume={32},
  number={1},
  pages={116--116},
  year={2015},
  publisher={IEEE}
}

@misc{MicroservicesCharacteristics,
  title = {{Microservices a definition of this new
architectural term}},
  author={J. Lewis, M. Fowler,},
  howpublished = {\url{https://martinfowler.com/articles/microservices.html}},
  note = {Accessed: 2021-12-31}
}

@misc{DOMAUber,
  title = {{Introducing Domain-Oriented Microservice Architecture}},
  author={Gluck, A.},
  howpublished = {\url{https://eng.uber.com/microservice-architecture/}},
  note = {Accessed: 2021-12-31}
}

@book{evans2004domain,
  title={Domain-driven design: tackling complexity in the heart of software},
  author={Evans, Eric and Evans, Eric J},
  year={2004},
  publisher={Addison-Wesley Professional}
}
